<record><leader>00000cas a22000007a 4500</leader><controlfield tag="001">15003242</controlfield><controlfield tag="008">861223d18731876paudn ne      0    0eng d</controlfield><datafield ind1=" " ind2=" " tag="010"><subfield code="a">sn 86083449 </subfield></datafield><datafield ind1=" " ind2=" " tag="040"><subfield code="a">NPH</subfield><subfield code="b">eng</subfield><subfield code="c">NPH</subfield><subfield code="d">NPX</subfield><subfield code="d">NPH</subfield><subfield code="d">CNW</subfield><subfield code="d">TGN</subfield><subfield code="d">OCLCQ</subfield><subfield code="d">OCLCO</subfield></datafield><datafield ind1="1" ind2=" " tag="029"><subfield code="a">AU@</subfield><subfield code="b">000025821756</subfield></datafield><datafield ind1=" " ind2=" " tag="042"><subfield code="a">msc</subfield></datafield><datafield ind1=" " ind2=" " tag="043"><subfield code="a">n-us-pa</subfield></datafield><datafield ind1=" " ind2="4" tag="050"><subfield code="a">AN44.W5</subfield><subfield code="b">D35</subfield></datafield><datafield ind1="0" ind2="0" tag="245"><subfield code="a">Daily record of the times.</subfield></datafield><datafield ind1=" " ind2=" " tag="260"><subfield code="a">Wilkes-Barre, Pa. :</subfield><subfield code="b">Wm. P. Miner,</subfield><subfield code="c">1873-1876.</subfield></datafield><datafield ind1=" " ind2=" " tag="300"><subfield code="a">3 v. :</subfield><subfield code="b">ill. ;</subfield><subfield code="c">55 cm.</subfield></datafield><datafield ind1=" " ind2=" " tag="310"><subfield code="a">Daily (except Sun.)</subfield></datafield><datafield ind1="0" ind2=" " tag="362"><subfield code="a">Vol. 1, no. 1 (Oct. 25, 1873)-v. 3, no. 273 (Sept. 26, 1876).</subfield></datafield><datafield ind1=" " ind2=" " tag="500"><subfield code="a">Editor: William P. Miner, &lt;1874-1875&gt;.</subfield></datafield><datafield ind1=" " ind2=" " tag="515"><subfield code="a">Some issues also bear whole numbering.</subfield></datafield><datafield ind1=" " ind2="0" tag="651"><subfield code="a">Wilkes-Barre (Pa.)</subfield><subfield code="v">Newspapers.</subfield></datafield><datafield ind1=" " ind2="0" tag="651"><subfield code="a">Luzerne (Pa.)</subfield><subfield code="v">Newspapers.</subfield></datafield><datafield ind1=" " ind2=" " tag="752"><subfield code="a">United States</subfield><subfield code="b">Pennsylvania</subfield><subfield code="c">Luzerne</subfield><subfield code="d">Wilkes-Barre.</subfield></datafield><datafield ind1="0" ind2=" " tag="775"><subfield code="t">Record of the times (Wilkes-Barre, Pa. : 1866 : Weekly)</subfield><subfield code="w">(DLC)sn 84026590</subfield></datafield><datafield ind1="0" ind2="0" tag="785"><subfield code="t">Record of the times (Wilkes-Barre, Pa. : Daily)</subfield><subfield code="w">(DLC)sn 86054060</subfield></datafield></record>